% Use BibTeX Tidy to clean up entries: https://tinyurl.com/esea7ma2
% Use TinyURL to keep the BibTex Tidy URL reasonable: https://tinyurl.com/app